@inproceedings{Flicker,
 author = {McCune, Jonathan M. and Parno, Bryan J. and Perrig, Adrian and Reiter, Michael K. and Isozaki, Hiroshi},
 title = {Flicker: An Execution Infrastructure for Tcb Minimization},
 booktitle = {Proceedings of the 3rd ACM SIGOPS/EuroSys European Conference on Computer Systems 2008},
}

@inproceedings{TrustVisor,
 author = {McCune, Jonathan M. and Li, Yanlin and Qu, Ning and Zhou, Zongwei and Datta, Anupam and Gligor, Virgil and Perrig, Adrian},
 title = {TrustVisor: Efficient TCB Reduction and Attestation},
 booktitle = {Proceedings of the 2010 IEEE Symposium on Security and Privacy},
}

@inproceedings{Overshadow,
 author = {Chen, Xiaoxin and Garfinkel, Tal and Lewis, E. Christopher and Subrahmanyam, Pratap and Waldspurger, Carl A. and Boneh, Dan and Dwoskin, Jeffrey and Ports, Dan R.K.},
 title = {Overshadow: A Virtualization-based Approach to Retrofitting Protection in Commodity Operating Systems},
 booktitle = {Proceedings of the 13th International Conference on Architectural Support for Programming Languages and Operating Systems (ASPLOS)},
 year = {2008},
}

@inproceedings{InkTag,
 author = {Hofmann, Owen S. and Kim, Sangman and Dunn, Alan M. and Lee, Michael Z. and Witchel, Emmett},
 title = {InkTag: Secure Applications on an Untrusted Operating System},
 booktitle = {Proceedings of the Eighteenth International Conference on Architectural Support for Programming Languages and Operating Systems (ASPLOS)},
 year = {2013},
}

@inproceedings{VirtualGhost,
 author = {Criswell, John and Dautenhahn, Nathan and Adve, Vikram},
 title = {Virtual Ghost: Protecting Applications from Hostile Operating Systems},
 booktitle = {Proceedings of the 19th International Conference on Architectural Support for Programming Languages and Operating Systems (ASPLOS)},
 year = {2014},
}

@inproceedings{CloudTerminal,
 author = {Martignoni, Lorenzo and Poosankam, Pongsin and Zaharia, Matei and Han, Jun and McCamant, Stephen and Song, Dawn and Paxson, Vern and Perrig, Adrian and Shenker, Scott and Stoica, Ion},
 title = {Cloud Terminal: Secure Access to Sensitive Applications from Untrusted Systems},
 booktitle = {Proceedings of the 2012 USENIX Conference on Annual Technical Conference},
}

@inproceedings{TLR,
 author = {Santos, Nuno and Raj, Himanshu and Saroiu, Stefan and Wolman, Alec},
 title = {Using ARM Trustzone to Build a Trusted Language Runtime for Mobile Applications},
 booktitle = {Proceedings of the 19th International Conference on Architectural Support for Programming Languages and Operating Systems (ASPLOS)},
 year = {2014},
}

@inproceedings{VeriUI,
 author = {Liu, Dongtao and Cox, Landon P.},
 title = {VeriUI: Attested Login for Mobile Devices},
 booktitle = {Proceedings of the 15th Workshop on Mobile Computing Systems and Applications (HotMobile)},
 year = {2014},
}

@inproceedings{TrustUI,
 author = {Li, Wenhao and Ma, Mingyang and Han, Jinchen and Xia, Yubin and Zang, Bingyu and Chu, Cheng-Kang and Li, Tieyan},
 title = {Building Trusted Path on Untrusted Device Drivers for Mobile Devices},
 booktitle = {4th Asia-Pacific Workshop on Systems (APSys)},
 year = {2014},
}

@inproceedings{SFI,
 author = {Wahbe, Robert and Lucco, Steven and Anderson, Thomas E. and Graham, Susan L.},
 title = {Efficient Software-based Fault Isolation},
 booktitle = {Proceedings of the Fourteenth ACM Symposium on Operating Systems Principles (SOSP)},
 year = {1993},
} 

@inproceedings{PittSFIeld,
 author = {McCamant, Stephen and Morrisett, Greg},
 title = {Evaluating SFI for a CISC Architecture},
 booktitle = {Proceedings of the 15th Conference on USENIX Security Symposium},
 year = {2006},
}

@inproceedings{NaCl,
 author = {Yee, Bennet and Sehr, David and Dardyk, Gregory and Chen, J. Bradley and Muth, Robert and Ormandy, Tavis and Okasaka, Shiki and Narula, Neha and Fullagar, Nicholas},
 title = {Native Client: A Sandbox for Portable, Untrusted x86 Native Code},
 booktitle = {Proceedings of the 2009 30th IEEE Symposium on Security and Privacy},
} 
 
@inproceedings{Krude,
 author = {Krude, Johannes and Meyer, Ulrike},
 title = {A Versatile Code Execution Isolation Framework with Security First},
 booktitle = {Proceedings of the 2013 ACM Workshop on Cloud Computing Security Workshop (CCSW)},
}

@inproceedings{TrustDroid,
 author = {Bugiel, Sven and Davi, Lucas and Dmitrienko, Alexandra and Heuser, Stephan and Sadeghi, Ahmad-Reza and Shastry, Bhargava},
 title = {Practical and Lightweight Domain Isolation on Android},
 booktitle = {Proceedings of the 1st ACM Workshop on Security and Privacy in Smartphones and Mobile Devices (SPSM)},
 year = {2011},
} 
 
@inproceedings{Cells,
 author = {Andrus, Jeremy and Dall, Christoffer and Hof, Alexander Van't and Laadan, Oren and Nieh, Jason},
 title = {Cells: A Virtual Mobile Smartphone Architecture},
 booktitle = {Proceedings of the Twenty-Third ACM Symposium on Operating Systems Principles (SOSP)},
 year = {2011},
}

@inproceedings{AirBag,
  title={AirBag: Boosting Smartphone Resistance to Malware Infection},
  author={Wu, Chiachih and Zhou, Yajin and Patel, Kunal and Liang, Zhenkai and Jiang, Xuxian},
  booktitle={Proceedings of the 21th Annual Network and Distributed System Security Symposium (NDSS)},
  year={2014}
}

@inproceedings{KVM/ARM,
 author = {Dall, Christoffer and Nieh, Jason},
 title = {KVM/ARM: The Design and Implementation of the Linux ARM Hypervisor},
 booktitle = {Proceedings of the 19th International Conference on Architectural Support for Programming Languages and Operating Systems (ASPLOS)},
 year = {i2014}
}

@inproceedings{MiniBox,
 author = {Li, Yanlin and McCune, Jonathan and Newsome, James and Perrig, Adrian and Baker, Brandon and Drewry, Will},
 title = {MiniBox: A Two-way Sandbox for x86 Native Code},
 booktitle = {Proceedings of the 2014 USENIX Conference on USENIX Annual Technical Conference},
 series = {USENIX ATC},
 year = {2014},
} 

@inproceedings{Iago,
 author = {Checkoway, Stephen and Shacham, Hovav},
 title = {Iago Attacks: Why the System Call API is a Bad Untrusted RPC Interface},
 booktitle = {Proceedings of the Eighteenth International Conference on Architectural Support for Programming Languages and Operating Systems (ASPLOS)},
 year = {2013},
} 

@inproceedings{LibOS,
 author = {Porter, Donald E. and Boyd-Wickizer, Silas and Howell, Jon and Olinsky, Reuben and Hunt, Galen C.},
 title = {Rethinking the Library OS from the Top Down},
 booktitle = {Proceedings of the Sixteenth International Conference on Architectural Support for Programming Languages and Operating Systems (ASPLOS)},
 year = {2011},
} 
